<record><leader>00000cas a22000007a 4500</leader><controlfield tag="001">14584808</controlfield><controlfield tag="008">861031d18831904inuwr ne      0    0eng d</controlfield><datafield ind1=" " ind2=" " tag="010"><subfield code="a">sn 86058921 </subfield></datafield><datafield ind1=" " ind2=" " tag="040"><subfield code="a">NPI</subfield><subfield code="b">eng</subfield><subfield code="c">NPI</subfield><subfield code="d">OCLCQ</subfield></datafield><datafield ind1=" " ind2=" " tag="042"><subfield code="a">msc</subfield></datafield><datafield ind1="0" ind2=" " tag="130"><subfield code="a">Plainfield progress (Plainfield, Ind. : 1883)</subfield></datafield><datafield ind1="1" ind2="4" tag="245"><subfield code="a">The Plainfield progress.</subfield></datafield><datafield ind1=" " ind2=" " tag="260"><subfield code="a">Plainfield, Ind. :</subfield><subfield code="b">H.G. Douglass, J.A. Fullen,</subfield><subfield code="c">-1904.</subfield></datafield><datafield ind1=" " ind2=" " tag="310"><subfield code="a">Weekly</subfield></datafield><datafield ind1="1" ind2=" " tag="362"><subfield code="a">Began with May 31, 1883 issue.</subfield></datafield><datafield ind1="0" ind2=" " tag="362"><subfield code="a">-v. 25, no. 35 (Sept. 1, 1904).</subfield></datafield><datafield ind1=" " ind2=" " tag="588"><subfield code="a">Description based on: Vol. 1, no. 14 (Aug. 30, 1883).</subfield></datafield><datafield ind1=" " ind2=" " tag="752"><subfield code="a">United States</subfield><subfield code="b">Indiana</subfield><subfield code="c">Hendricks</subfield><subfield code="d">Plainfield.</subfield></datafield><datafield ind1="0" ind2="0" tag="785"><subfield code="t">Friday caller (Plainfield, Ind. : 1904)</subfield><subfield code="w">(DLC)sn 86058922</subfield></datafield></record>